<record xmlns="http://www.loc.gov/MARC21/slim" xmlns:xsi="http://www.w3.org/2001/XMLSchema-instance" xsi:schemaLocation="http://www.loc.gov/MARC21/slim http://www.loc.gov/standards/marcxml/schema/MARC21slim.xsd"><leader>     nam a22        4500</leader><controlfield tag="001">4893623</controlfield><controlfield tag="003">NNC</controlfield><controlfield tag="006">m        d        </controlfield><controlfield tag="007">cr cn |||m|||a</controlfield><controlfield tag="008">150601s1903    xx      o     000 0 ara d</controlfield><datafield ind1=" " ind2=" " tag="040"><subfield code="a">NNU</subfield><subfield code="b">eng</subfield><subfield code="e">rda</subfield><subfield code="c">NNU</subfield></datafield><datafield ind1="1" ind2=" " tag="100"><subfield code="6">880-01</subfield><subfield code="a">Mursi&#772;, &#699;Umar ibn Ibra&#772;hi&#772;m,</subfield><subfield code="d">-1350 or 1351.</subfield></datafield><datafield ind1="1" ind2="3" tag="245"><subfield code="6">880-02</subfield><subfield code="a">al-Qis&#803;s&#803;ah al-fa&#772;&#700;iqah al-sani&#772;yah wa-al-maja&#772;lis al-ra&#772;&#700;ifah al-bahi&#772;yah al-musamma&#772;h bi-Zahr al-kima&#772;m fi&#772;ma&#772; yata&#699;allaqu bi-akhba&#772;r sayyidina&#772; Yu&#772;suf al-S&#803;iddi&#772;q ...  /</subfield><subfield code="c">li-ja&#772;mi&#699;ha&#772; ... al-shaykh &#699;Umar ibn Ibra&#772;hi&#772;m al-Awsi&#772;.</subfield></datafield><datafield ind1=" " ind2=" " tag="260"><subfield code="6">880-03</subfield><subfield code="a">[Mis&#803;r] :</subfield><subfield code="b">[publisher not identified],</subfield><subfield code="c">1321 h.,1903.</subfield></datafield><datafield ind1=" " ind2=" " tag="300"><subfield code="a">online resource ([1 volumes])</subfield></datafield><datafield ind1=" " ind2=" " tag="336"><subfield code="a">text</subfield><subfield code="2">rdacontent</subfield></datafield><datafield ind1=" " ind2=" " tag="337"><subfield code="a">computer</subfield><subfield code="2">rdamedia</subfield></datafield><datafield ind1=" " ind2=" " tag="338"><subfield code="a">online resource</subfield><subfield code="2">rdacarrier</subfield></datafield><datafield ind1=" " ind2=" " tag="500"><subfield code="a">Part of the Arabic Collections Online (ACO) project, contributed by Columbia University Libraries.</subfield></datafield><datafield ind1=" " ind2=" " tag="533"><subfield code="a">Electronic reproduction.</subfield><subfield code="b">New York, N.Y. :</subfield><subfield code="c">New York University,</subfield><subfield code="d">2015.</subfield><subfield code="5">NNU</subfield></datafield><datafield ind1="0" ind2="0" tag="600"><subfield code="a">Joseph</subfield><subfield code="c"> (Son of Jacob) </subfield></datafield><datafield ind1="2" ind2=" " tag="710"><subfield code="a">Columbia University.</subfield><subfield code="b">Libraries.</subfield></datafield><datafield ind1="0" ind2=" " tag="730"><subfield code="a">Arabic Collections Online.</subfield></datafield><datafield ind1="0" ind2="8" tag="776"><subfield code="i">Print version:</subfield><subfield code="a">Mursi&#772;, &#699;Umar ibn Ibra&#772;hi&#772;m, -1350 or 1351.</subfield><subfield code="t">al-Qis&#803;s&#803;ah al-fa&#772;&#700;iqah al-sani&#772;yah wa-al-maja&#772;lis al-ra&#772;&#700;ifah al-bahi&#772;yah al-musamma&#772;h bi-Zahr al-kima&#772;m fi&#772;ma&#772; yata&#699;allaqu bi-akhba&#772;r sayyidina&#772; Yu&#772;suf al-S&#803;iddi&#772;q</subfield><subfield code="w">(NNC)4893623</subfield><subfield code="w">(OCoLC)56798505</subfield></datafield><datafield ind1="4" ind2="0" tag="856"><subfield code="u">http://hdl.handle.net/2333.1/jsxksqdg</subfield></datafield><datafield ind1="1" ind2=" " tag="880"><subfield code="6">100-01/r</subfield><subfield code="a">&#1605;&#1585;&#1587;&#1610;&#1548; &#1593;&#1605;&#1585; &#1576;&#1606; &#1575;&#1576;&#1585;&#1575;&#1607;&#1610;&#1605;&#1548;</subfield><subfield code="d">-1350 or 1351.</subfield></datafield><datafield ind1="1" ind2="2" tag="880"><subfield code="6">245-02/r</subfield><subfield code="a">&#1575;&#1604;&#1602;&#1589;&#1577; &#1575;&#1604;&#1601;&#1575;&#1574;&#1602;&#1577; &#1575;&#1604;&#1587;&#1606;&#1610;&#1577; &#1608;&#1575;&#1604;&#1605;&#1580;&#1575;&#1604;&#1587; &#1575;&#1604;&#1585;&#1575;&#1574;&#1601;&#1577; &#1575;&#1604;&#1576;&#1607;&#1610;&#1577; &#1575;&#1604;&#1605;&#1587;&#1605;&#1575;&#1577; &#1576;&#1586;&#1607;&#1585; &#1575;&#1604;&#1603;&#1605;&#1575;&#1605; &#1601;&#1610;&#1605;&#1575; &#1610;&#1578;&#1593;&#1604;&#1602; &#1576;&#1575;&#1582;&#1576;&#1575;&#1585; &#1587;&#1610;&#1583;&#1606;&#1575; &#1610;&#1608;&#1587;&#1601; &#1575;&#1604;&#1589;&#1583;&#1610;&#1602; ...  /</subfield><subfield code="c">&#1604;&#1580;&#1575;&#1605;&#1593;&#1607;&#1575; ... &#1575;&#1604;&#1588;&#1610;&#1582; &#1593;&#1605;&#1585; &#1576;&#1606; &#1575;&#1576;&#1585;&#1575;&#1607;&#1610;&#1605; &#1575;&#1604;&#1575;&#1608;&#1587;&#1610;.</subfield></datafield><datafield ind1=" " ind2=" " tag="880"><subfield code="6">260-03/r</subfield><subfield code="a">[&#1605;&#1589;&#1585;] :</subfield><subfield code="b">[publisher not identified], </subfield><subfield code="c">1321 &#1607;.&#1548;1903.</subfield></datafield><datafield ind1=" " ind2=" " tag="959"><subfield code="a">NNU</subfield><subfield code="b">WEB</subfield><subfield code="c">GENI</subfield><subfield code="t">0</subfield><subfield code="m">Electronic access</subfield><subfield code="s">01</subfield></datafield><datafield ind1=" " ind2=" " tag="999"><subfield code="i">NNC_4893623</subfield><subfield code="o">(OCoLC)ocm56798505</subfield><subfield code="s">columbia_aco000524</subfield><subfield code="e">(ERROR-880)</subfield><subfield code="s">columbia_aco000524</subfield></datafield></record>